@article{Brazeau2011,
	Author = {Brazeau, Martin D.},
	Doi = {10.1111/j.1095-8312.2011.01755.x},
	Issn = {1095-8312},
	Journal = {Biol. J. Linn. Soc.},
	Number = {3},
	Pages = {489--498},
	Publisher = {Blackwell Publishing Ltd},
	Title = {Problematic character coding methods in morphology and their effects},
	Volume = {104},
	Year = {2011},
	Bdsk-Url-1 = {http://dx.doi.org/10.1111/j.1095-8312.2011.01755.x}}

@article{harrisonamong-character2014,
	Author = {Harrison, Luke B. and Larsson, Hans C. E.},
	Doi = {10.1093/sysbio/syu098},
	Journal = {Syst. Biol.},
	Number = {2},
	Pages = {307-324},
	Title = {Among-Character Rate Variation Distributions in Phylogenetic Analysis of Discrete Morphological Characters},
	Volume = {64},
	Year = {2015},
	Bdsk-Url-1 = {http://dx.doi.org/10.1093/sysbio/syu098}}

@article{webb2002phylogenies,
	Author = {Webb, Campbell O and Ackerly, David D and McPeek, Mark A and Donoghue, Michael J},
	Journal = {Ann. Rev. Ecol. Syst.},
	Pages = {475--505},
	Publisher = {JSTOR},
	Title = {Phylogenies and community ecology},
	Year = {2002}}

@article{Cooper2008,
	Author = {Cooper, Natalie and Rodr{\'\i}guez, Jes{\'u}s and Purvis, Andy},
	Doi = {10.1098/rspb.2008.0420},
	Journal = {P. Roy. Soc. B-Biol. Sci.},
	Number = {1646},
	Pages = {2031--2037},
	Publisher = {The Royal Society},
	Title = {A common tendency for phylogenetic overdispersion in mammalian assemblages},
	Volume = {275},
	Year = {2008},
	Bdsk-Url-1 = {http://dx.doi.org/10.1098/rspb.2008.0420}}

@article{picante,
	Author = {S.W. Kembel and P.D. Cowan and M.R. Helmus and W.K. Cornwell and H. Morlon and D.D. Ackerly and S.P. Blomberg and C.O. Webb},
	Journal = {Bioinformatics},
	Pages = {1463--1464},
	Title = {Picante: {R} tools for integrating phylogenies and ecology},
	Volume = {26},
	Year = {2010}}

@manual{R,
	Address = {Vienna, Austria},
	Author = {{R Core Team}},
	Organization = {R Foundation for Statistical Computing},
	Title = {R: a language and environment for statistical computing},
	Url = {http://www.R-project.org},
	Year = {2015},
	Bdsk-Url-1 = {http://www.R-project.org}}
